@STRING(ApJ="Astrophysical Journal")
@STRING(MNRAS="Monthly Notices of the Royal Astronomical Society")
@STRING(PASP="Publications of the Astronomical Society of the Pacific")

@ARTICLE{matheson:plerionic,
	AUTHOR="Heather Matheson and Samar Safi-Harb",
	TITLE="The Plerionic Supernova Remnant G21.5−0.9 Powered by
PSR J1833−1034: New Spectroscopic and Imaging Results
Revealed with the Chandra X-ray Observatory",
	JOURNAL=ApJ,
	VOLUME=724,
	PAGES=572,
	YEAR=2010
}
@UNPUBLISHED{djannati:hess,
	AUTHOR="Arache Djannati-Atai",
	TITLE="HESS discovery of VHE γ-ray emission of a remarkable 
	young composite SNR",
	YEAR=2009,
}
@ARTICLE{collaboration2007new,
   author = {{Djannati-Ata{\u i}}, A. and {de Jager}, O.~C. and {Terrier}, R. and 
	{et al.}},
    title = "{New Companions for the lonely Crab? VHE emission from young pulsar wind nebulae revealed by H.E.S.S.}",
  journal = {International Cosmic Ray Conference},
     year = 2008,
   volume = 2,
    pages = {823-826},
   adsurl = {http://adsabs.harvard.edu/abs/2008ICRC....2..823D},
  adsnote = {Provided by the SAO/NASA Astrophysics Data System}
}

@ARTICLE{salter:giga1,
	AUTHOR="C.J. Salter and S.P. Reynolds and D.E. Hogg and J.M. Payne and P.J. Rhodes",
	TITLE="84 Gigahertz Observations of Five Crab-like Supernovas",
	JOURNAL=ApJ,
	VOLUME=338,
	PAGES={171-177},
	YEAR=1989
}
@ARTICLE{bietenholz:deep,
	AUTHOR="M.F. Bietenholz and H. Matheson and S. Safi-Harb, C. Brogan and N. Bartel",
	TITLE="The Deepest Radio Study of the Pulsar Wind Nebula 
G21.5-0.9: Still No Evidence for the Supernova Shell",
	JOURNAL=MNRAS,
	VOLUME=412,
	PAGES={1221-1228},
	YEAR={2011}
}

 @article{harb1,
  author={S. Safi-Harb and I. M. Harrus and R. Petre and G. G. Pavlov and A. B. Koptsevich and D. Sanwal},
  title={X-Ray Observations of the Supernova Remnant G21.5–0.9},
  journal={The Astrophysical Journal},
  volume={561},
  PAGES={308},
  YEAR={2001}
 }
@unpublished{italien,
	author={F. Bocchino and L. Sidoli},
	title = {The hard X­ray emission of the pulsar wind nebula G21.5­-0.9},
	year = {2006}	
}
@ARTICLE{nustar,
   author = {{Nynka}, M. and {Hailey}, C.~J. and {Reynolds}, S.~P. and {An}, H. and 
	{Baganoff}, F.~K. and {Boggs}, S.~E. and {Christensen}, F.~E. and 
	{Craig}, W.~W. and {Gotthelf}, E.~V. and {Grefenstette}, B.~W. and 
	{Harrison}, F.~A. and {Krivonos}, R. and {Madsen}, K.~K. and 
	{Mori}, K. and {Perez}, K. and {Stern}, D. and {Wik}, D.~R. and 
	{Zhang}, W.~W. and {Zoglauer}, A.},
    title = "{NuSTAR Study of Hard X-Ray Morphology and Spectroscopy of PWN G21.5{\ndash}0.9}",
  journal = apj,
archivePrefix = "arXiv",
   eprint = {1405.3239},
 primaryClass = "astro-ph.HE",
 keywords = {ISM: individual objects: G21.5{\ndash}0.9, ISM: supernova remnants, radiation mechanisms: general, stars: neutron, X-rays: ISM},
     year = 2014,
    month = jul,
   volume = 789,
      eid = {72},
    pages = {72},
      doi = {10.1088/0004-637X/789/1/72},
   adsurl = {http://adsabs.harvard.edu/abs/2014ApJ...789...72N},
  adsnote = {Provided by the SAO/NASA Astrophysics Data System}
}
@ARTICLE{derosa2009,
   author = {{de Rosa}, A. and {Ubertini}, P. and {Campana}, R. and {Bazzano}, A. and 
	{Dean}, A.~J. and {Bassani}, L.},
    title = "{Hard X-ray observations of PSR J1833-1034 and its associated pulsar wind nebula}",
  journal = MNRAS,
archivePrefix = "arXiv",
   eprint = {0810.5230},
 keywords = {pulsars: individual: PSR J1833-1034 , supernovae: individual: G21.5-0.9},
     year = 2009,
    volume = 393,
    pages = {527-530},
  
}
@ARTICLE{bocchino2005,
   author = {{Bocchino}, F. and {van der Swaluw}, E. and {Chevalier}, R. and 
	{Bandiera}, R.},
    title = "{The nature of the X-ray halo of the plerion G21.5-0.9 unveiled by XMM-Newton and Chandra}",
  journal = {\aap},
   eprint = {astro-ph/0507518},
 keywords = {ISM: supernova remnants, ISM: dust, extinction, X-rays: ISM, X-rays: individuals: G21.5-0.9, stars: supernovae: general, radiation mechanisms: non-thermal},
     year = 2005,
    month = nov,
   volume = 442,
    pages = {539-548},
      doi = {10.1051/0004-6361:20052870},
   adsurl = {http://adsabs.harvard.edu/abs/2005A%26A...442..539B},
  adsnote = {Provided by the SAO/NASA Astrophysics Data System}
}
@article{bietenholz2008,
author = {Bietenholz, M. F. and Bartel, N.}, 
title = {The expansion and radio spectral index of G21.5−0.9: is PSR J1833−1034 the youngest pulsar?},
volume = {386}, 
number = {3}, 
pages = {1411-1416}, 
year = {2008}, 
doi = {10.1111/j.1365-2966.2008.13058.x}
}
@ARTICLE{camilo2006,
   author = {{Camilo}, F. and {Ransom}, S.~M. and {Gaensler}, B.~M. and {Slane}, P.~O. and 
	{Lorimer}, D.~R. and {Reynolds}, J. and {Manchester}, R.~N. and 
	{Murray}, S.~S.},
    title = "{PSR J1833-1034: Discovery of the Central Young Pulsar in the Supernova Remnant G21.5-0.9}",
  journal = {\apj},
   eprint = {astro-ph/0509823},
 keywords = {ISM: individual (G21.5-0.9), pulsars: individual (PSR J1833-1034), Stars: Neutron, ISM: Supernova Remnants},
     year = 2006,
    month = jan,
   volume = 637,
    pages = {456-465},
      doi = {10.1086/498386},
   adsurl = {http://adsabs.harvard.edu/abs/2006ApJ...637..456C},
  adsnote = {Provided by the SAO/NASA Astrophysics Data System}
}
@INPROCEEDINGS{harb2000,
   author = {{Safi-Harb}, S. and {Harrus}, I.~M. and {Petre}, R. and {Koptsevich}, A.~B. and 
  {Sanwal}, D. and {Pavlov}, G.~G.},
    title = "{Unveiling the nature of the supernova remnant: G21.5-0.9}",
booktitle = {American Astronomical Society Meeting Abstracts \#196},
     year = 2000,
   series = {Bulletin of the American Astronomical Society},
   volume = 32,
    month = may,
    pages = {736},
   adsurl = {http://adsabs.harvard.edu/abs/2000AAS...196.3905S},
  adsnote = {Provided by the SAO/NASA Astrophysics Data System}
}
@INPROCEEDINGS{gelfand2011,
   author = {{Gelfand}, J. and {Slane}, P.~O.},
    title = "{The Properties of the Progenitor Supernova and Central Neutron Star in Pulsar Wind Nebula PWN G54.1+0.3}",
booktitle = {American Astronomical Society Meeting Abstracts \#217},
     year = 2011,
   series = {Bulletin of the American Astronomical Society},
   volume = 43,
    month = jan,
    pages = {#434.07},
   adsurl = {http://adsabs.harvard.edu/abs/2011AAS...21743407G},
  adsnote = {Provided by the SAO/NASA Astrophysics Data System}
}

@ARTICLE{mackey2013,
   author = {{Foreman-Mackey}, D. and {Hogg}, D.~W. and {Lang}, D. and {Goodman}, J.
  },
    title = "{emcee: The MCMC Hammer}",
  journal = PASP,
archivePrefix = "arXiv",
   eprint = {1202.3665},
 primaryClass = "astro-ph.IM",
 keywords = {Data Analysis and Techniques},
     year = 2013,
    month = mar,
   volume = 125,
    pages = {306-312},
      doi = {10.1086/670067},
   adsurl = {http://adsabs.harvard.edu/abs/2013PASP..125..306F},
  adsnote = {Provided by the SAO/NASA Astrophysics Data System}
}

